<?xml version="1.0" encoding="UTF-8"?><collection xmlns="http://www.loc.gov/MARC21/slim"><record><leader>00576nam--2200193-i-4500</leader><controlfield tag="001">000043013</controlfield><controlfield tag="002">20161230</controlfield><controlfield tag="005">20170208133326</controlfield><controlfield tag="008">060222s1000------------r-----000-0-eng-d</controlfield><datafield ind1=" " ind2=" " tag="020"><subfield code="a">356030741</subfield></datafield><datafield ind1=" " ind2=" " tag="040"><subfield code="a">IFIN-HH</subfield></datafield><datafield ind1=" " ind2=" " tag="080"><subfield code="a">519.4:539.2</subfield></datafield><datafield ind1="1" ind2=" " tag="100"><subfield code="a">Streitwolf, Hans-Waldemar</subfield></datafield><datafield ind1="1" ind2="0" tag="245"><subfield code="a">Group theory in solid-state physics</subfield><subfield code="b">Translated by J.B.Sykes. Translation edited by B.Donovan</subfield><subfield code="c">Hans-Waldemar Streitwolf</subfield></datafield><datafield ind1=" " ind2=" " tag="260"><subfield code="a">London</subfield><subfield code="b">Macdonald</subfield><subfield code="c">1971</subfield></datafield><datafield ind1=" " ind2=" " tag="300"><subfield code="a">248 p</subfield></datafield><datafield ind1=" " ind2=" " tag="490"><subfield code="a">University Physics Series</subfield></datafield><datafield ind1=" " ind2=" " tag="852"><subfield code="a">37334</subfield><subfield code="c">539.2</subfield></datafield><datafield ind1=" " ind2=" " tag="CAT"><subfield code="a">SYS</subfield><subfield code="c">20170208</subfield><subfield code="h">133326</subfield></datafield></record></collection>